<record xmlns="http://www.loc.gov/MARC21/slim" xmlns:xsi="http://www.w3.org/2001/XMLSchema-instance" xsi:schemaLocation="http://www.loc.gov/MARC21/slim http://www.loc.gov/standards/marcxml/schema/MARC21slim.xsd">

  <leader>01021nam a2200205Ia 4500</leader>
  <datafield tag="999" ind1=" " ind2=" ">
    <subfield code="c">780</subfield>
    <subfield code="d">780</subfield>
  </datafield>
  <controlfield tag="008">170711b2004    cr ||||| |||| 00| | spa d</controlfield>
  <datafield ind2=" " ind1=" " tag="020">
    <subfield code="a">9968210102</subfield>
  </datafield>
  <datafield ind2=" " ind1=" " tag="090">
    <subfield code="a">04.01.01 </subfield>
    <subfield code="b">46</subfield>
  </datafield>
  <datafield tag="110" ind1="1" ind2=" ">
    <subfield code="9">1370</subfield>
    <subfield code="a">Costa Rica. Leyes, Decretos, etc.</subfield>
  </datafield>
  <datafield ind2="0" ind1="1" tag="245">
    <subfield code="a">Código de la Niñez y la Adolescencia. Legislación conexa: Resolución de la Corte Plena sobre Reglas Prácticas para la aplicación del Código de la Niñez. Ley Tarjeta de Identidad para los costarricenses mayores de doce años y menores de dieciocho. Ley Orgánica del Patronato Nacional de la Infancia. Ley General de Protección a la Madre Adolescente  /        </subfield>
  </datafield>
  <datafield ind2=" " tag="250" ind1=" ">
    <subfield code="a">3 edición       </subfield>
  </datafield>
  <datafield tag="260" ind1=" " ind2=" ">
    <subfield code="a">San José, Costa Rica  : </subfield>
    <subfield code="b">EDITEC, </subfield>
    <subfield code="c">2004</subfield>
  </datafield>
  <datafield tag="300" ind1=" " ind2=" ">
    <subfield code="a">86 páginas</subfield>
  </datafield>
  <datafield ind2=" " tag="490" ind1=" ">
    <subfield code="a">Colección códigos,</subfield>
    <subfield code="v">12</subfield>
  </datafield>
  <datafield ind2=" " ind1=" " tag="500">
    <subfield code="a">La Unidad posee Código de la Niñez y la Adolescencia, publicado por la UNICEF y Defensoría de los Habitantes, ficha no. 173</subfield>
  </datafield>
  <datafield ind2="4" ind1="1" tag="650">
    <subfield code="a">NIÑOS</subfield>
    <subfield code="9">59</subfield>
  </datafield>
  <datafield tag="650" ind1="1" ind2="4">
    <subfield code="9">5</subfield>
    <subfield code="a">ADOLESCENTES</subfield>
  </datafield>
  <datafield ind1="1" tag="650" ind2="4">
    <subfield code="a">LEGISLACIÓN</subfield>
    <subfield code="9">45</subfield>
  </datafield>
  <datafield tag="942" ind1=" " ind2=" ">
    <subfield code="2">z</subfield>
    <subfield code="c">01</subfield>
  </datafield>
</record>